@PREAMBLE{
 "\providecommand{\noopsort}[1]{}" 
 # "\providecommand{\singleletter}[1]{#1}%" 
}

@ARTICLE{Kueng2020,
       author = {{Huang}, Hsin-Yuan and {Kueng}, Richard and {Preskill}, John},
        title = "{Predicting Many Properties of a Quantum System from Very Few Measurements}",
      journal = {arXiv e-prints},
     keywords = {Quantum Physics, Computer Science - Information Theory, Computer Science - Machine Learning},
         year = 2020,
        month = feb,
          eid = {arXiv:2002.08953},
        pages = {arXiv:2002.08953},
archivePrefix = {arXiv},
       eprint = {2002.08953},
 primaryClass = {quant-ph},
       adsurl = {https://ui.adsabs.harvard.edu/abs/2020arXiv200208953H},
      adsnote = {Provided by the SAO/NASA Astrophysics Data System}
}

@ARTICLE{Troyer2017,
       author = {{Carleo}, Giuseppe and {Troyer}, Matthias},
        title = "{Solving the quantum many-body problem with artificial neural networks}",
      journal = {Science},
     keywords = {PHYSICS, Condensed Matter - Disordered Systems and Neural Networks, Condensed Matter - Quantum Gases, Quantum Physics},
         year = 2017,
        month = feb,
       volume = {355},
       number = {6325},
        pages = {602-606},
          doi = {10.1126/science.aag2302},
archivePrefix = {arXiv},
       eprint = {1606.02318},
 primaryClass = {cond-mat.dis-nn},
       adsurl = {https://ui.adsabs.harvard.edu/abs/2017Sci...355..602C},
      adsnote = {Provided by the SAO/NASA Astrophysics Data System}
}

@ARTICLE{Orus2014,
       author = {{Or{\'u}s}, Rom{\'a}n},
        title = "{A practical introduction to tensor networks: Matrix product states and projected entangled pair states}",
      journal = {Annals of Physics},
     keywords = {Condensed Matter - Strongly Correlated Electrons, High Energy Physics - Lattice, High Energy Physics - Theory, Quantum Physics},
         year = 2014,
        month = oct,
       volume = {349},
        pages = {117-158},
          doi = {10.1016/j.aop.2014.06.013},
archivePrefix = {arXiv},
       eprint = {1306.2164},
 primaryClass = {cond-mat.str-el},
       adsurl = {https://ui.adsabs.harvard.edu/abs/2014AnPhy.349..117O},
      adsnote = {Provided by the SAO/NASA Astrophysics Data System}
}



@misc{torlai2020quantum,
    title={Quantum process tomography with unsupervised learning and tensor networks},
    author={Giacomo Torlai and Christopher J. Wood and Atithi Acharya and Giuseppe Carleo and Juan Carrasquilla and Leandro Aolita},
    year={2020},
    eprint={2006.02424},
    archivePrefix={arXiv},
    primaryClass={quant-ph}
}

@article{Werner_2016,
   title={Positive Tensor Network Approach for Simulating Open Quantum Many-Body Systems},
   volume={116},
   ISSN={1079-7114},
   url={http://dx.doi.org/10.1103/PhysRevLett.116.237201},
   DOI={10.1103/physrevlett.116.237201},
   number={23},
   journal={Physical Review Letters},
   publisher={American Physical Society (APS)},
   author={Werner, A. H. and Jaschke, D. and Silvi, P. and Kliesch, M. and Calarco, T. and Eisert, J. and Montangero, S.},
   year={2016},
   month={Jun}
}

@article{Cramer_2010,
   title={Efficient quantum state tomography},
   volume={1},
   ISSN={2041-1723},
   url={http://dx.doi.org/10.1038/ncomms1147},
   DOI={10.1038/ncomms1147},
   number={1},
   journal={Nature Communications},
   publisher={Springer Science and Business Media LLC},
   author={Cramer, Marcus and Plenio, Martin B. and Flammia, Steven T. and Somma, Rolando and Gross, David and Bartlett, Stephen D. and Landon-Cardinal, Olivier and Poulin, David and Liu, Yi-Kai},
   year={2010},
   month={Dec}
}

@misc{zhou2020limits,
    title={What limits the simulation of quantum computers?},
    author={Yiqing Zhou and E. Miles Stoudenmire and Xavier Waintal},
    year={2020},
    eprint={2002.07730},
    archivePrefix={arXiv},
    primaryClass={quant-ph}
}

@article{Huggins_2019,
   title={Towards quantum machine learning with tensor networks},
   volume={4},
   ISSN={2058-9565},
   url={http://dx.doi.org/10.1088/2058-9565/aaea94},
   DOI={10.1088/2058-9565/aaea94},
   number={2},
   journal={Quantum Science and Technology},
   publisher={IOP Publishing},
   author={Huggins, William and Patil, Piyush and Mitchell, Bradley and Whaley, K Birgitta and Stoudenmire, E Miles},
   year={2019},
   month={Jan},
   pages={024001}
}

@article{Aaronson_2019,
   title={Online learning of quantum states},
   volume={2019},
   ISSN={1742-5468},
   url={http://dx.doi.org/10.1088/1742-5468/ab3988},
   DOI={10.1088/1742-5468/ab3988},
   number={12},
   journal={Journal of Statistical Mechanics: Theory and Experiment},
   publisher={IOP Publishing},
   author={Aaronson, Scott and Chen, Xinyi and Hazan, Elad and Kale, Satyen and Nayak, Ashwin},
   year={2019},
   month={Dec},
   pages={124019}
}

@misc{chen2020practical,
    title={More Practical and Adaptive Algorithms for Online Quantum State Learning},
    author={Yifang Chen and Xin Wang},
    year={2020},
    eprint={2006.01013},
    archivePrefix={arXiv},
    primaryClass={quant-ph}
}

@article{meg,
  title={Matrix exponentiated gradient updates for on-line learning and Bregman projection},
  author={Tsuda, Koji and R{\"a}tsch, Gunnar and Warmuth, Manfred K},
  journal={Journal of Machine Learning Research},
  volume={6},
  number={Jun},
  pages={995--1018},
  year={2005}
}

@inproceedings{rftl,
  title={Follow-the-regularized-leader and mirror descent: Equivalence theorems and l1 regularization},
  author={McMahan, Brendan},
  booktitle={Proceedings of the Fourteenth International Conference on Artificial Intelligence and Statistics},
  pages={525--533},
  year={2011}
}

@misc{tensorTrains,
    title={Era of Big Data Processing: A New Approach via Tensor Networks and Tensor Decompositions},
    author={Andrzej Cichocki},
    year={2014},
    eprint={1403.2048},
    archivePrefix={arXiv},
    primaryClass={cs.ET}
}

@misc{biamonte2019lectures,
    title={Lectures on Quantum Tensor Networks},
    author={Jacob Biamonte},
    year={2019},
    eprint={1912.10049},
    archivePrefix={arXiv},
    primaryClass={quant-ph}
}

@article{tensorTrainsOs,
author = {Oseledets, Ivan},
year = {2011},
month = {01},
pages = {2295-2317},
title = {Tensor-Train Decomposition},
volume = {33},
journal = {SIAM J. Scientific Computing},
doi = {10.1137/090752286}
}

@article{Aaronson_2007,
   title={The learnability of quantum states},
   volume={463},
   ISSN={1471-2946},
   url={http://dx.doi.org/10.1098/rspa.2007.0113},
   DOI={10.1098/rspa.2007.0113},
   number={2088},
   journal={Proceedings of the Royal Society A: Mathematical, Physical and Engineering Sciences},
   publisher={The Royal Society},
   author={Aaronson, Scott},
   year={2007},
   month={Sep},
   pages={3089–3114}
}

@article{MPS,
author = {Perez-Garcia, D. and Verstraete, F. and Wolf, M. M. and Cirac, J. I.},
title = {Matrix Product State Representations},
year = {2007},
issue_date = {July 2007},
publisher = {Rinton Press, Incorporated},
address = {Paramus, NJ},
volume = {7},
number = {5},
issn = {1533-7146},
abstract = {This work gives a detailed investigation of matrix product state (MPS) representations for pure multipartite quantum states. We determine the freedom in representations with and without translation symmetry, derive respective canonical forms and provide efficient methods for obtaining them. Results on frustration free Hamiltonians and the generation of MPS are extended, and the use of the MPS-representation for classical simulations of quantum systems is discussed.},
journal = {Quantum Info. Comput.},
month = jul,
pages = {401–430},
numpages = {30}
}

@misc{metaalgorithm,
      title={More Practical and Adaptive Algorithms for Online Quantum State Learning}, 
      author={Yifang Chen and Xin Wang},
      year={2020},
      eprint={2006.01013},
      archivePrefix={arXiv},
      primaryClass={quant-ph}
}

@article{Bent2015,
  title = {Experimental Realization of Quantum Tomography of Photonic Qudits via Symmetric Informationally Complete Positive Operator-Valued Measures},
  author = {Bent, N. and Qassim, H. and Tahir, A. A. and Sych, D. and Leuchs, G. and S\'anchez-Soto, L. L. and Karimi, E. and Boyd, R. W.},
  journal = {Phys. Rev. X},
  volume = {5},
  issue = {4},
  pages = {041006},
  numpages = {12},
  year = {2015},
  month = {Oct},
  publisher = {American Physical Society},
  doi = {10.1103/PhysRevX.5.041006},
  url = {https://link.aps.org/doi/10.1103/PhysRevX.5.041006}
}

@article{Palmieri2020,
  doi = {10.1038/s41534-020-0248-6},
  url = {https://doi.org/10.1038/s41534-020-0248-6},
  year = {2020},
  month = feb,
  publisher = {Springer Science and Business Media {LLC}},
  volume = {6},
  number = {1},
  author = {Adriano Macarone Palmieri and Egor Kovlakov and Federico Bianchi and Dmitry Yudin and Stanislav Straupe and Jacob D. Biamonte and Sergei Kulik},
  title = {Experimental neural network enhanced quantum tomography},
  journal = {npj Quantum Information}
}

@article{Bolduc2013,
  doi = {10.1364/ol.38.003546},
  url = {https://doi.org/10.1364/ol.38.003546},
  year = {2013},
  month = sep,
  publisher = {The Optical Society},
  volume = {38},
  number = {18},
  pages = {3546},
  author = {Eliot Bolduc and Nicolas Bent and Enrico Santamato and Ebrahim Karimi and Robert W. Boyd},
  title = {Exact solution to simultaneous intensity and phase encryption with a single phase-only hologram},
  journal = {Optics Letters}
}

@ARTICLE{Struchalin2020,
       author = {{Struchalin}, G.~I. and {Zagorovskii}, Ya. A. and {Kovlakov}, E.~V. and {Straupe}, S.~S. and {Kulik}, S.~P.},
        title = "{Experimental Estimation of Quantum State Properties from Classical Shadows}",
      journal = {arXiv e-prints},
     keywords = {Quantum Physics},
         year = 2020,
        month = aug,
          eid = {arXiv:2008.05234},
        pages = {arXiv:2008.05234},
archivePrefix = {arXiv},
       eprint = {2008.05234},
 primaryClass = {quant-ph},
       adsurl = {https://ui.adsabs.harvard.edu/abs/2020arXiv200805234S},
      adsnote = {Provided by the SAO/NASA Astrophysics Data System}
}

@ARTICLE{Waintal2020,
       author = {{Zhou}, Yiqing and {Stoudenmire}, E. Miles and {Waintal}, Xavier},
        title = "{What Limits the Simulation of Quantum Computers?}",
      journal = {Physical Review X},
     keywords = {Quantum Physics, Condensed Matter - Strongly Correlated Electrons},
         year = 2020,
        month = oct,
       volume = {10},
       number = {4},
          eid = {041038},
        pages = {041038},
          doi = {10.1103/PhysRevX.10.041038},
archivePrefix = {arXiv},
       eprint = {2002.07730},
 primaryClass = {quant-ph},
       adsurl = {https://ui.adsabs.harvard.edu/abs/2020PhRvX..10d1038Z},
      adsnote = {Provided by the SAO/NASA Astrophysics Data System}
}
